@book{Serway,
  author    = {Raymond A. Serway and John W. Jewett, Jr.},
  title     = {Física para Ciencias e Ingenierías},
  year      = {2015},
  publisher = {Cengage Learning},
  edition   = {9th},
}

@book{Sears_Zemansky,
  author    = {Hugh D. Young and Roger A. Freedman},
  title     = {Física Universitaria con Física Moderna},
  year      = {2015},
  publisher = {Addison Wesley},
  edition   = {12th},
}

@book{openstax,
  author    = {William Moebs and Samuel J. Ling and Jeff Sanny},
  title     = {Física universitaria volumen 2},
  year      = {2021},
  publisher = {OpenStax},
  address   = {Houston, Texas},
  url       = {https://openstax.org/books/f%C3%ADsica-universitaria-volumen-2/pages/1-introduccion},
  note      = {Accedido el 30 de abril de 2025},
}